
@misc{floatchart,
	author = {Kjell Magne Fauske},
	title = {Example: Simple flow chart},
	url = {http://www.texample.net/tikz/examples/simple-flow-chart/},
	urldate = {2013-12-24}
}

@misc{pseudocode,
	author = {Shava Smallen},
	title = {Pseudo Code},
	url = {http://users.sdsc.edu/~ssmallen/latex/pseudocode.html},
    urldates ={2013-12-24}
}

@book{knuth2006art,
  title={Art of Computer Programming, Volume 4, Fascicle 4, The: Generating All Trees--History of Combinatorial Generation},
  author={Knuth, Donald E},
  year={2006},
  publisher={Addison-Wesley Professional}
}

@article{turing1950computing,
  title={Computing machinery and intelligence},
  author={Turing, Alan M},
  journal={Mind},
  volume={59},
  number={236},
  pages={433--460},
  year={1950},
  publisher={JSTOR}
}


@misc{scatter_plot,
	author = {Ista Zahn},
	title = {Example: Scatterplot},
	url = {http://www.texample.net/tikz/examples/scatterplot/},
	urldate = {2013-12-24}
}

@misc{Vehent,
    author = {Julien Vehent},
    title = {Test Driven Security in Coninouos Integration, Enigma},
    year = {2017}
}

@article{Zampetti,
    author = {Fiorella Zampetti},
    title = {How Open Source Projects use Static Code Analysis Tools in Continuous Integration Pipelines},
    publisher = {IEEE/ACM 14th International Conference on Mining Software Repositories (MSR)},
    year = {2017}
}

@misc{spaceb0x,
    author = {spaceb0x},
    title = {Exploiting Continous Integration (CI) and Automated Build Systems, DEFCon 25},
    url = {https://media.defcon.org/DEF\%20CON\%2025/DEF\%20CON\%2025\%20presentations/DEFCON-25-spaceB0x-Exploiting-Continuous-Integration-UPDATED.pdf}
}

@article{Hilton,
    author = {Michael Hilton},
    title = {Usage, Costs, and Benefits of Continuous Integration in Open-Source Projects TODO}
}

@article{Bass, 
    author = {Len Bass},
    title = {Securing a Deployment Pipeline},
    publisher = {IEEE/ACM 3rd International Workshop on Release Engineering},
    year = {2015}
}

@article{Holck,
    author = {Jesper Holck},
    title = {Continuous Integration and Quality Assurance: a case study of two open source projects},
    publisher = {IEEE/ACM 14th International Conference on Mining Software Repositories (MSR) TODO},
    year = {2017}
}

@article{Case,
    author = {Andrew Case},
    title = {Gaslight: A comprehensive fuzzing architecture for memory forensics frameworks},
    publisher = {DFRWS USA d Proceedings of the Seventeenth Annual DFRWS USA},
    year = {2017}
}

@article{WebTestGeneration,
    author = {Amin Milani Fard},
    title = {Leveraging Existing Tests in Automated Test Generation for Web Applications},
    publisher = {29th IEEE/ACM International Conference on Automated Software Engineering (ASE 2014)},
    year = {2014}
}

@article{TestCaseSelction,
    title = {An Empirical Evaluation and Comparison of Manual and Automated Test Selection},
    author = {Milos Gligoric}
}

@misc{googletest,
    title = {Testing at the speed and scale of Google, 2011},
    url = {http://goo.gl/OKqBk}
}

@misc{googlescale,
    title = {Tools for continuous integration at Google scale, 2011},
    url = {http://www.youtube.com/watch?v=b52aXZ2yi08}
}

@misc{bandit,
    title = {Bandit python source code analysis tool},
    url = {https://github.com/openstack/bandit}
}
@misc{findbugs,
    title = {FindBugs java source code analysis tool},
    url = {http://findbugs.sourceforge.net/}
}
@misc{findsecbugs,
    title = {Find Security Bugs java source code analysis tool},
    url = {https://find-sec-bugs.github.io/}
}
