@misc{Vehent,
    author = {Julien Vehent},
    title = {Test Driven Security in Continuous Integration},
    type = {Presentation},
    note = {Enigma},
    url = {https://www.usenix.org/conference/enigma2017/conference-program/presentation/vehent},
    year = {2017}
}

@article{Zampetti,
    author = {Fiorella Zampetti},
    title = {How Open Source Projects use Static Code Analysis Tools in Continuous Integration Pipelines},
    journal = {IEEE/ACM 14th International Conference on Mining Software Repositories (MSR)},
    year = {2017},
    pages = {334-344}
}

@misc{spaceb0x,
    author = {spaceb0x},
    title = {Exploiting Continous Integration (CI) and Automated Build Systems, DEFCon 25},
    url = {https://media.defcon.org/DEF\%20CON\%2025/DEF\%20CON\%2025\%20presentations/DEFCON-25-spaceB0x-Exploiting-Continuous-Integration-UPDATED.pdf}
}

@article{Hilton,
    author = {Michael Hilton},
    title = {Usage, Costs, and Benefits of Continuous Integration in Open-Source Projects},
    journal = {International Conference on Automated Software Engineering (ASE).},
    year = {2016},
    pages = {426-437}
}

@article{Bass, 
    author = {Len Bass},
    title = {Securing a Deployment Pipeline},
    journal = {IEEE/ACM 3rd International Workshop on Release Engineering},
    year = {2015},
    pages = {4-7}
}

@article{Holck,
    author = {Jesper Holck},
    title = {Continuous Integration and Quality Assurance: a case study of two open source projects},
    journal = {Australasian Journal of Information Systems 11(1)},
    year = {2012},
    pages = {40-53}
}

@article{Case,
    author = {Andrew Case},
    title = {Gaslight: A comprehensive fuzzing architecture for memory forensics frameworks},
    journal = {DFRWS USA d Proceedings of the Seventeenth Annual DFRWS USA},
    year = {2017},
    pages = {S86-S93}
}

@article{WebTestGeneration,
    author = {Amin Milani Fard},
    title = {Leveraging Existing Tests in Automated Test Generation for Web Applications},
    journal = {29th IEEE/ACM International Conference on Automated Software Engineering (ASE)},
    year = {2014},
    pages = {67-78}
}

@article{TestCaseSelction,
    title = {An Empirical Evaluation and Comparison of Manual and Automated Test Selection},
    author = {Milos Gligoric},
    journal = {29th IEEE/ACM International Conference on Automated Software Engineering (ASE)},
    year = {2014},
    pages = {361-372}
}

@misc{googletest,
    title = {Testing at the speed and scale of Google, 2011},
    url = {http://goo.gl/OKqBk}
}

@misc{googlescale,
    title = {Tools for continuous integration at Google scale, 2011},
    url = {http://www.youtube.com/watch?v=b52aXZ2yi08}
}

@misc{bandit,
    title = {Bandit python source code analysis tool},
    url = {https://github.com/openstack/bandit}
}
@misc{findbugs,
    title = {FindBugs java source code analysis tool},
    url = {http://findbugs.sourceforge.net/}
}
@misc{findsecbugs,
    title = {Find Security Bugs java source code analysis tool},
    url = {https://find-sec-bugs.github.io/}
}
@misc{hpkp,
    title = {Intent To Deprecate And Remove: Public Key Pinning},
    url ={https://groups.google.com/a/chromium.org/forum/#!msg/blink-dev/he9tr7p3rZ8/eNMwKPmUBAAJ}
}
